<record><leader>00000cas a22000007a 4500</leader><controlfield tag="001">41037046</controlfield><controlfield tag="008">990325d195919uuncumn ne      0    0eng d</controlfield><datafield ind1=" " ind2=" " tag="010"><subfield code="a">sn 98058969 </subfield></datafield><datafield ind1=" " ind2=" " tag="040"><subfield code="a">NVJ</subfield><subfield code="b">eng</subfield><subfield code="c">NVJ</subfield><subfield code="d">OCLCQ</subfield><subfield code="d">OCLCF</subfield><subfield code="d">OCLCO</subfield><subfield code="d">NOC</subfield></datafield><datafield ind1=" " ind2=" " tag="042"><subfield code="a">msc</subfield></datafield><datafield ind1=" " ind2=" " tag="043"><subfield code="a">n-us-nc</subfield></datafield><datafield ind1="0" ind2="0" tag="245"><subfield code="a">Ocracoke Island news.</subfield></datafield><datafield ind1=" " ind2=" " tag="260"><subfield code="a">Ocracoke, N.C. :</subfield><subfield code="b">Ocracoke High School,</subfield><subfield code="c">1959-</subfield></datafield><datafield ind1=" " ind2=" " tag="300"><subfield code="a">v. :</subfield><subfield code="b">ill. ;</subfield><subfield code="c">28 cm.</subfield></datafield><datafield ind1=" " ind2=" " tag="310"><subfield code="a">Monthly during the school year</subfield></datafield><datafield ind1=" " ind2=" " tag="336"><subfield code="a">text</subfield><subfield code="b">txt</subfield><subfield code="2">rdacontent</subfield></datafield><datafield ind1=" " ind2=" " tag="337"><subfield code="a">unmediated</subfield><subfield code="b">n</subfield><subfield code="2">rdamedia</subfield></datafield><datafield ind1=" " ind2=" " tag="338"><subfield code="a">volume</subfield><subfield code="b">nc</subfield><subfield code="2">rdacarrier</subfield></datafield><datafield ind1=" " ind2=" " tag="588"><subfield code="a">Description based on: Vol. 11, no. 3 (Nov. 1959).</subfield></datafield><datafield ind1=" " ind2=" " tag="500"><subfield code="a">Edited by Mrs. Alice K. Ronthaler.</subfield></datafield><datafield ind1=" " ind2=" " tag="515"><subfield code="a">Each issue in volume 13 excepting "#1" lacks numbers.</subfield></datafield><datafield ind1=" " ind2=" " tag="515"><subfield code="a">Volume 19, no. 3 not published.</subfield></datafield><datafield ind1=" " ind2=" " tag="588"><subfield code="a">Latest issue consulted: Vol. 19, no. 5 (May-June 1968).</subfield></datafield><datafield ind1="2" ind2="0" tag="610"><subfield code="a">Ocracoke High School</subfield><subfield code="v">Periodicals.</subfield></datafield><datafield ind1=" " ind2="0" tag="651"><subfield code="a">Ocracoke (N.C.)</subfield><subfield code="v">Periodicals.</subfield></datafield><datafield ind1=" " ind2="0" tag="651"><subfield code="a">Ocracoke Island (N.C.)</subfield><subfield code="v">Periodicals.</subfield></datafield><datafield ind1=" " ind2="0" tag="650"><subfield code="a">Student newspapers and periodicals</subfield><subfield code="z">North Carolina</subfield><subfield code="z">Ocracoke.</subfield></datafield><datafield ind1=" " ind2="0" tag="651"><subfield code="a">Ocracoke (N.C.)</subfield><subfield code="v">Newspapers.</subfield></datafield><datafield ind1=" " ind2="0" tag="651"><subfield code="a">Hyde County (N.C.)</subfield><subfield code="v">Newspapers.</subfield></datafield><datafield ind1=" " ind2="7" tag="651"><subfield code="a">North Carolina</subfield><subfield code="z">Hyde County.</subfield><subfield code="2">fast</subfield><subfield code="0">(OCoLC)fst01203061</subfield></datafield><datafield ind1=" " ind2="7" tag="651"><subfield code="a">North Carolina</subfield><subfield code="z">Ocracoke.</subfield><subfield code="2">fast</subfield><subfield code="0">(OCoLC)fst01288049</subfield></datafield><datafield ind1=" " ind2="7" tag="655"><subfield code="a">Newspapers.</subfield><subfield code="2">fast</subfield><subfield code="0">(OCoLC)fst01423814</subfield></datafield><datafield ind1="1" ind2=" " tag="700"><subfield code="a">Rondthaler, Alice K.,</subfield><subfield code="e">editor.</subfield></datafield><datafield ind1=" " ind2=" " tag="752"><subfield code="a">United States</subfield><subfield code="b">North Carolina</subfield><subfield code="c">Hyde</subfield><subfield code="d">Ocracoke.</subfield></datafield><datafield ind1="0" ind2="0" tag="780"><subfield code="t">Ocracoke School news</subfield><subfield code="w">(DLC)sn 98058968</subfield><subfield code="w">(OCoLC)41036981</subfield></datafield><datafield ind1="1" ind2=" " tag="029"><subfield code="a">AU@</subfield><subfield code="b">000020038656</subfield></datafield></record>